% This file was created with JabRef 2.6.
% Encoding: UTF8
@ONLINE{vuereactivity,
  title = "Vue - reactivity fundamentals",
  url = {https://vuejs.org/guide/essentials/reactivity-fundamentals.html}
}

@ONLINE{solidjsreactivity,
  title = "Solid JS - reactivity",
  url = {https://www.solidjs.com/guides/reactivity}
}

@ONLINE{solidjsrendering,
  title = "Solid JS - rendering",
  url = {https://www.solidjs.com/guides/rendering}
}

@ONLINE{sveltereactivity,
  title = "Svelte - reactivity",
  url = {https://learn.svelte.dev/tutorial/reactive-assignments}
}

@ONLINE{proxy,
  title = "Proxies",
  url = {https://developer.mozilla.org/en-US/docs/Web/JavaScript/Reference/Global_Objects/Proxy}
}
